<?xml version="1.0" encoding="UTF-8"?>
<OAI-PMH xmlns="http://www.openarchives.org/OAI/2.0/" xmlns:xsi="http://www.w3.org/2001/XMLSchema-instance" xsi:schemaLocation="http://www.openarchives.org/OAI/2.0/ http://www.openarchives.org/OAI/2.0/OAI-PMH.xsd">
  <ListRecords>
    <record>
      <header>
        <identifier>aleph-publish:017114255</identifier>
      </header>
      <metadata>
        <record xmlns="http://www.ddb.de/professionell/mabxml/mabxml-1.xsd">
          <leader>00850nM2.01200024------h</leader>
          <controlfield tag="LDR">00850nM2.01200024------h</controlfield>
          <controlfield tag="FMT">MH</controlfield>
          <datafield tag="001" ind1="-" ind2="1">
            <subfield code="a">HT015671602</subfield>
          </datafield>
          <datafield tag="002" ind1="a" ind2="1">
            <subfield code="a">20080918</subfield>
          </datafield>
          <datafield tag="003" ind1="-" ind2="1">
            <subfield code="a">20110314</subfield>
          </datafield>
          <datafield tag="025" ind1="o" ind2="1">
            <subfield code="a">229920989</subfield>
          </datafield>
          <datafield tag="026" ind1="-" ind2="1">
            <subfield code="a">HBZHT015671602</subfield>
          </datafield>
          <controlfield tag="030">a|5zk||z|0017</controlfield>
          <datafield tag="036" ind1="a" ind2="1">
            <subfield code="a">XD-US</subfield>
          </datafield>
          <datafield tag="037" ind1="b" ind2="1">
            <subfield code="a">eng</subfield>
          </datafield>
          <controlfield tag="050">a|a|||||||</controlfield>
          <controlfield tag="051">m|||||</controlfield>
          <datafield tag="070" ind1="-" ind2="1">
            <subfield code="a">290</subfield>
          </datafield>
          <datafield tag="070" ind1="a" ind2="1">
            <subfield code="a">GBV</subfield>
          </datafield>
          <datafield tag="070" ind1="b" ind2="1">
            <subfield code="a">361</subfield>
          </datafield>
          <datafield tag="080" ind1="-" ind2="1">
            <subfield code="a">60</subfield>
          </datafield>
          <datafield tag="100" ind1="-" ind2="1">
            <subfield code="p">Maxwell, Robert L.</subfield>
            <subfield code="d">1957-</subfield>
            <subfield code="9">(DE-588)142840386</subfield>
          </datafield>
          <datafield tag="101" ind1="-" ind2="1">
            <subfield code="p">Maxwell, Robert LeGrand</subfield>
            <subfield code="d">1957-</subfield>
          </datafield>
          <datafield tag="331" ind1="-" ind2="1">
            <subfield code="a">FRBR</subfield>
          </datafield>
          <datafield tag="335" ind1="-" ind2="1">
            <subfield code="a">a guide for the perplexed</subfield>
          </datafield>
          <datafield tag="359" ind1="-" ind2="1">
            <subfield code="a">Robert L. Maxwell</subfield>
          </datafield>
          <datafield tag="410" ind1="-" ind2="1">
            <subfield code="a">Chicago</subfield>
          </datafield>
          <datafield tag="412" ind1="-" ind2="1">
            <subfield code="a">American Library Association</subfield>
          </datafield>
          <datafield tag="425" ind1="a" ind2="1">
            <subfield code="a">2008</subfield>
          </datafield>
          <datafield tag="433" ind1="-" ind2="1">
            <subfield code="a">VII, 151 S. : graph. Darst.</subfield>
          </datafield>
          <datafield tag="517" ind1="c" ind2="1">
            <subfield code="p">Inhalt</subfield>
            <subfield code="a">The entity-relationship model -- The FRBR entities -- Relationships -- The user tasks -- The FRBR model and the existing MARC and AACR2-based cataloging model</subfield>
          </datafield>
          <datafield tag="540" ind1="a" ind2="1">
            <subfield code="a">978-0-8389-0950-8</subfield>
            <subfield code="b">alk. paper : $65.00</subfield>
          </datafield>
          <datafield tag="540" ind1="a" ind2="1">
            <subfield code="a">0-8389-0950-7</subfield>
            <subfield code="b">alk. paper : $65.00</subfield>
          </datafield>
          <datafield tag="655" ind1="e" ind2="1">
            <subfield code="m">V:DE-605</subfield>
            <subfield code="q">application/pdf</subfield>
            <subfield code="u">http://digitale-objekte.hbz-nrw.de/storage/2011/07/09/file_16/4219074.pdf</subfield>
            <subfield code="3">Inhaltsverzeichnis</subfield>
            <subfield code="A">2</subfield>
          </datafield>
          <datafield tag="700" ind1="b" ind2="1">
            <subfield code="a">025.3</subfield>
          </datafield>
          <datafield tag="700" ind1="g" ind2="1">
            <subfield code="a">AN 74000</subfield>
          </datafield>
          <datafield tag="700" ind1="g" ind2="1">
            <subfield code="a">AN 74500</subfield>
          </datafield>
          <datafield tag="740" ind1="s" ind2="1">
            <subfield code="a">FRBR (Conceptual model)</subfield>
          </datafield>
          <datafield tag="902" ind1="-" ind2="1">
            <subfield code="s">Functional Requirements for Bibliographic Records</subfield>
            <subfield code="9">(DE-588)7615733-7</subfield>
          </datafield>
          <controlfield tag="SYS">017114255</controlfield>
          <datafield tag="LOW" ind1="-" ind2="1">
            <subfield code="a">K5001</subfield>
          </datafield>
          <datafield tag="LOW" ind1="-" ind2="1">
            <subfield code="a">K0001</subfield>
          </datafield>
          <datafield tag="952" ind1="-" ind2="1">
            <subfield code="s">FRBR</subfield>
          </datafield>
          <datafield tag="088" ind1=" " ind2=" ">
            <subfield code="a">832</subfield>
            <subfield code="b">00001000</subfield>
            <subfield code="c">BBV1290</subfield>
            <subfield code="e">ILL Ausleihe</subfield>
          </datafield>
          <datafield tag="088" ind1=" " ind2=" ">
            <subfield code="a">38</subfield>
            <subfield code="b">00000001</subfield>
            <subfield code="c">39A5443</subfield>
            <subfield code="e">ILL Ausleihe</subfield>
          </datafield>
          <datafield tag="088" ind1=" " ind2=" ">
            <subfield code="a">361</subfield>
            <subfield code="b">01_Mo</subfield>
            <subfield code="c">AD530 M465</subfield>
            <subfield code="e">ILL Kopie+Ausl.</subfield>
          </datafield>
          <datafield tag="088" ind1=" " ind2=" ">
            <subfield code="a">290</subfield>
            <subfield code="b">F_ZB</subfield>
            <subfield code="c">A 12200</subfield>
            <subfield code="e">ILL Kopie+Ausl.</subfield>
          </datafield>
          <datafield tag="088" ind1=" " ind2=" ">
            <subfield code="a">385</subfield>
            <subfield code="b">72</subfield>
            <subfield code="c">PR/f14617</subfield>
            <subfield code="e">Magazinausleihe</subfield>
          </datafield>
          <datafield tag="700" ind1=" " ind2="9">
            <subfield code="a">72=PR</subfield>
            <subfield code="2">T0011</subfield>
          </datafield>
        </record>
      </metadata>
    </record>
  </ListRecords>
</OAI-PMH>
